@book{goossens93,
  author    = {Michel Goossens and Frank Mittelbach and Alexander Samarin},
  title     = {{The LaTeX Companion}},
  year      = {1993},
  publisher = {Addison-Wesley},
  address   = {Reading, Massachusett}
}

